,cik,name,fy,fp,date,filed,ddate,Assets,AssetsCurrent,Cash,AssetsNoncurrent,Liabilities,LiabilitiesCurrent,LiabilitiesNoncurrent,Equity,HolderEquity,RetainedEarnings,AdditionalPaidInCapital,TreasuryStockValue,TemporaryEquity,RedeemableEquity,LiabilitiesAndEquity,n_cik_bs,Revenues,CostOfRevenue,GrossProfit,OperatingExpenses,OperatingIncomeLoss,IncomeLossFromContinuingOperationsBeforeIncomeTaxExpenseBenefit,AllIncomeTaxExpenseBenefit,IncomeLossFromContinuingOperations,IncomeLossFromDiscontinuedOperationsNetOfTax,ProfitLoss,NetIncomeLossAttributableToNoncontrollingInterest,NetIncomeLoss,n_cik_is,NetCashProvidedByUsedInOperatingActivitiesContinuingOperations,NetCashProvidedByUsedInFinancingActivitiesContinuingOperations,NetCashProvidedByUsedInInvestingActivitiesContinuingOperations,NetCashProvidedByUsedInOperatingActivities,NetCashProvidedByUsedInFinancingActivities,NetCashProvidedByUsedInInvestingActivities,CashProvidedByUsedInOperatingActivitiesDiscontinuedOperations,CashProvidedByUsedInInvestingActivitiesDiscontinuedOperations,CashProvidedByUsedInFinancingActivitiesDiscontinuedOperations,EffectOfExchangeRateFinal,CashPeriodIncreaseDecreaseIncludingExRateEffectFinal,n_cik,sic,stprba,countryinc,afs,nciks
55,1800,ABBOTT LABORATORIES,2009.0,Q2,2009-06-30,20090807,20090630,47630017000.0,19628376000.0,4204304000.0,28001641000.0,27709949000.0,12042381000.0,15667568000.0,19920068000.0,19920068000.0,15296662000.0,0.0,-3338360000.0,0.0,0.0,47630017000.0,60,14213244000.0,6064919000.0,8148325000.0,5416146000.0,2732179000.0,3499517000.0,772775000.0,2726742000.0,0.0,2726742000.0,0.0,2726742000.0,60,2412519000.0,1354979000.0,-3743150000.0,2412519000.0,1354979000.0,-3743150000.0,0.0,0.0,0.0,67934000.0,92282000.0,60,2834.0,IL,US,1-LAF,1.0
56,1800,ABBOTT LABORATORIES,2009.0,Q3,2009-09-30,20091106,20090930,49846820000.0,21415842000.0,4875915000.0,28430978000.0,28472070000.0,12524507000.0,15947563000.0,21374750000.0,21374750000.0,16152254000.0,0.0,-3321727000.0,0.0,0.0,49846820000.0,60,21974580000.0,9425106000.0,12549474000.0,8177542000.0,4371932000.0,5370892000.0,1163783000.0,4207109000.0,0.0,4207109000.0,0.0,4207109000.0,60,5442543000.0,498646000.0,-5261587000.0,5442543000.0,498646000.0,-5261587000.0,0.0,0.0,0.0,84291000.0,763893000.0,60,2834.0,IL,US,1-LAF,1.0
57,1800,ABBOTT LABORATORIES,2009.0,FY,2009-12-31,20100219,20091231,52416623000.0,23313891000.0,8809339000.0,29102732000.0,29517894000.0,13049489000.0,16468405000.0,22898729000.0,22898729000.0,17054027000.0,0.0,-3310347000.0,0.0,0.0,52416623000.0,60,30764707000.0,13209329000.0,17555378000.0,11319637000.0,6235741000.0,7193774000.0,1447936000.0,5745838000.0,0.0,5745838000.0,0.0,5745838000.0,60,7275160000.0,1002019000.0,-3698710000.0,7275160000.0,1002019000.0,-3698710000.0,0.0,0.0,0.0,118848000.0,4697317000.0,60,2834.0,IL,US,1-LAF,1.0
58,1800,ABBOTT LABORATORIES,2010.0,Q1,2010-03-31,20100504,20100331,53358622000.0,17690678000.0,1566820000.0,35667944000.0,32346282000.0,15183485000.0,17162797000.0,21012340000.0,21012340000.0,17367857000.0,0.0,-3945682000.0,0.0,0.0,53358622000.0,60,7698354000.0,3335104000.0,4363250000.0,2892767000.0,1470483000.0,1322207000.0,319192000.0,1003015000.0,0.0,1003015000.0,0.0,1003015000.0,60,1522752000.0,-520199000.0,-7658760000.0,1522752000.0,-520199000.0,-7658760000.0,0.0,0.0,0.0,-586312000.0,-7242519000.0,60,2834.0,IL,US,1-LAF,1.0
59,1800,ABBOTT LABORATORIES,2010.0,Q2,2010-06-30,20100805,20100630,53381402000.0,19915307000.0,4321702000.0,33466095000.0,33386768000.0,14689260000.0,18697508000.0,19994634000.0,19994634000.0,17978462000.0,0.0,-3942188000.0,0.0,0.0,53381402000.0,60,16524368000.0,6879036000.0,9645332000.0,6568883000.0,3076449000.0,2880894000.0,586229000.0,2294665000.0,0.0,2294665000.0,0.0,2294665000.0,60,3871049000.0,-307321000.0,-7354928000.0,3871049000.0,-307321000.0,-7354928000.0,0.0,0.0,0.0,-696437000.0,-4487637000.0,60,2834.0,IL,US,1-LAF,1.0
60,1800,ABBOTT LABORATORIES,2010.0,Q3,2010-09-30,20101105,20100930,57373620000.0,19447420000.0,3818145000.0,37926200000.0,35890896000.0,15583871000.0,20307025000.0,21482724000.0,21482724000.0,18181133000.0,0.0,-3918310000.0,0.0,0.0,57373620000.0,60,25198873000.0,10620152000.0,14578721000.0,10321087000.0,4257634000.0,3945004000.0,759679000.0,3185325000.0,0.0,3185325000.0,0.0,3185325000.0,60,6419462000.0,-994427000.0,-9747926000.0,6419462000.0,-994427000.0,-9747926000.0,0.0,0.0,0.0,-668303000.0,-4991194000.0,60,2834.0,IL,US,1-LAF,1.0
61,1800,ABBOTT LABORATORIES,2010.0,FY,2010-12-31,20110218,20101231,59462266000.0,22317529000.0,3648371000.0,37144737000.0,36985802000.0,17262434000.0,19723368000.0,22476464000.0,22476464000.0,18927101000.0,0.0,-3916823000.0,0.0,0.0,59462266000.0,60,35166721000.0,14665192000.0,20501529000.0,14413948000.0,6087581000.0,5712834000.0,1086662000.0,4626172000.0,0.0,4626172000.0,0.0,4626172000.0,60,8735981000.0,-1087741000.0,-12188315000.0,8735981000.0,-1087741000.0,-12188315000.0,0.0,0.0,0.0,-620893000.0,-5160968000.0,60,2834.0,IL,US,1-LAF,1.0
62,1800,ABBOTT LABORATORIES,2011.0,Q1,2011-03-31,20110506,20110331,61651363000.0,23647132000.0,2740156000.0,38004231000.0,36931031000.0,17225103000.0,19705928000.0,24720332000.0,24720332000.0,19323753000.0,0.0,-3718827000.0,0.0,0.0,61651363000.0,60,9040850000.0,3858983000.0,5181867000.0,3880718000.0,1301149000.0,1068786000.0,204968000.0,863818000.0,0.0,863818000.0,0.0,863818000.0,60,2011146000.0,-684334000.0,-2301230000.0,2011146000.0,-684334000.0,-2301230000.0,0.0,0.0,0.0,66203000.0,-908215000.0,60,2834.0,IL,US,1-LAF,1.0
63,1800,ABBOTT LABORATORIES,2011.0,Q2,2011-06-30,20110804,20110630,62004241000.0,24132178000.0,4077018000.0,37872063000.0,35534538000.0,15839928000.0,19694610000.0,26469703000.0,26469703000.0,20509111000.0,0.0,-3713830000.0,0.0,0.0,62004241000.0,60,18657141000.0,7729455000.0,10927686000.0,7853084000.0,3074602000.0,2743342000.0,-63258000.0,2806600000.0,0.0,2806600000.0,0.0,2806600000.0,60,4514298000.0,-2070515000.0,-2095637000.0,4514298000.0,-2070515000.0,-2095637000.0,0.0,0.0,0.0,80501000.0,428647000.0,60,2834.0,IL,US,1-LAF,1.0
64,1800,ABBOTT LABORATORIES,2011.0,Q3,2011-09-30,20111104,20110930,59628176000.0,23094416000.0,5049299000.0,36533760000.0,34939204000.0,15413961000.0,19525243000.0,24688972000.0,24688972000.0,20052443000.0,0.0,-3691223000.0,0.0,0.0,59628176000.0,60,28473806000.0,11702705000.0,16771101000.0,13101621000.0,3669480000.0,3244937000.0,135156000.0,3109781000.0,0.0,3109781000.0,0.0,3109781000.0,60,7568728000.0,-4738637000.0,-1103642000.0,7568728000.0,-4738637000.0,-1103642000.0,0.0,0.0,0.0,-325521000.0,1400928000.0,60,2834.0,IL,US,1-LAF,1.0
65,1800,ABBOTT LABORATORIES,2011.0,FY,2011-12-31,20120221,20111231,60276893000.0,23768774000.0,6812820000.0,36508119000.0,35750748000.0,15480228000.0,20270520000.0,24526145000.0,24526145000.0,20907362000.0,0.0,-3687478000.0,0.0,0.0,60276893000.0,60,38851259000.0,15540580000.0,23310679000.0,17558731000.0,5751948000.0,5198642000.0,470193000.0,4728449000.0,0.0,4728449000.0,0.0,4728449000.0,60,8970077000.0,-6023455000.0,260832000.0,8970077000.0,-6023455000.0,260832000.0,0.0,0.0,0.0,-43005000.0,3164449000.0,60,2834.0,IL,US,1-LAF,1.0
66,1800,ABBOTT LABORATORIES,2012.0,Q1,2012-03-31,20120508,20120331,62415801000.0,25602131000.0,4345910000.0,36813670000.0,36872367000.0,16785923000.0,20086444000.0,25543434000.0,25543434000.0,21314465000.0,0.0,-4297725000.0,0.0,0.0,62415801000.0,60,9456633000.0,3724921000.0,5731712000.0,4155990000.0,1575722000.0,1513029000.0,270905000.0,1242124000.0,0.0,1242124000.0,0.0,1242124000.0,60,2224930000.0,286074000.0,-5012614000.0,2224930000.0,286074000.0,-5012614000.0,0.0,0.0,0.0,34700000.0,-2466910000.0,60,2834.0,IL,US,1-LAF,1.0
67,1800,ABBOTT LABORATORIES,2012.0,Q2,2012-06-30,20120807,20120630,61859790000.0,26257492000.0,7052776000.0,35602298000.0,37287305000.0,17120467000.0,20166838000.0,24572485000.0,24572485000.0,22227912000.0,0.0,-5012598000.0,0.0,0.0,61859790000.0,60,19263733000.0,7362226000.0,11901507000.0,8221364000.0,3680143000.0,3516346000.0,549610000.0,2966736000.0,0.0,2966736000.0,0.0,2966736000.0,60,4291759000.0,401441000.0,-4324244000.0,4291759000.0,401441000.0,-4324244000.0,0.0,0.0,0.0,-129000000.0,239956000.0,60,2834.0,IL,US,1-LAF,1.0
68,1800,ABBOTT LABORATORIES,2012.0,Q3,2012-09-30,20121107,20120930,63257738000.0,27264244000.0,7996948000.0,35993494000.0,36153397000.0,16285978000.0,19867419000.0,27104341000.0,27104341000.0,23326756000.0,0.0,-4975279000.0,0.0,0.0,63257738000.0,60,29036974000.0,11060308000.0,17976666000.0,12307474000.0,5669192000.0,5388727000.0,479188000.0,4909539000.0,0.0,4909539000.0,0.0,4909539000.0,60,7811261000.0,-1789516000.0,-4855851000.0,7811261000.0,-1789516000.0,-4855851000.0,0.0,0.0,0.0,18234000.0,1184128000.0,60,2834.0,IL,US,1-LAF,1.0
69,1800,ABBOTT LABORATORIES,2012.0,FY,2012-12-31,20130215,20121231,67234944000.0,31322583000.0,10802163000.0,35912361000.0,40421712000.0,13280176000.0,27141536000.0,26813232000.0,26813232000.0,24150996000.0,0.0,-5590909000.0,0.0,0.0,67234944000.0,60,39873910000.0,15119718000.0,24754192000.0,16669677000.0,8084515000.0,6262614000.0,299694000.0,5962920000.0,0.0,5962920000.0,0.0,5962920000.0,60,9314401000.0,716093000.0,-6081288000.0,9314401000.0,716093000.0,-6081288000.0,0.0,0.0,0.0,40137000.0,3989343000.0,60,2834.0,IL,US,1-LAF,1.0
70,1800,ABBOTT LABORATORIES,2013.0,Q1,2013-03-31,20130508,20130331,42686613000.0,19096868000.0,4373120000.0,23589745000.0,20003338000.0,10406326000.0,9591687000.0,22683275000.0,22683275000.0,20062483000.0,0.0,-6194998000.0,0.0,0.0,42686613000.0,60,5377895000.0,2431803000.0,2946092000.0,2331304000.0,614788000.0,554551000.0,9890000.0,544661000.0,0.0,544661000.0,0.0,544661000.0,60,460255000.0,-4732700000.0,-2108011000.0,460255000.0,-4732700000.0,-2108011000.0,0.0,0.0,0.0,-48587000.0,-6429043000.0,60,2834.0,IL,US,1-LAF,1.0
71,1800,ABBOTT LABORATORIES,2013.0,Q2,2013-06-30,20130806,20130630,42903346000.0,19831124000.0,5572254000.0,23072222000.0,20475700000.0,10919614000.0,9550091000.0,22427646000.0,22427646000.0,20318892000.0,0.0,-6487355000.0,0.0,0.0,42903346000.0,60,10823920000.0,4976628000.0,5847292000.0,4605028000.0,1242264000.0,1155300000.0,134584000.0,1020716000.0,0.0,1020716000.0,0.0,1020716000.0,60,1176814000.0,-4268187000.0,-2071937000.0,1176814000.0,-4268187000.0,-2071937000.0,0.0,0.0,0.0,-66599000.0,-5229909000.0,60,2834.0,IL,US,1-LAF,1.0
72,1800,ABBOTT LABORATORIES,2013.0,Q3,2013-09-30,20131107,20130930,44132477000.0,19748949000.0,2882454000.0,24383528000.0,20344546000.0,11331665000.0,9006676000.0,23787931000.0,23787931000.0,21668078000.0,0.0,-6808771000.0,0.0,0.0,44132477000.0,60,16193059000.0,7427105000.0,8765954000.0,6893351000.0,1872603000.0,1783694000.0,-9884000.0,1793578000.0,0.0,1793578000.0,-192871000.0,1986449000.0,60,1698939000.0,-4826945000.0,-4768703000.0,1698939000.0,-4826945000.0,-4768703000.0,0.0,0.0,0.0,-23000000.0,-7919709000.0,60,2834.0,IL,US,1-LAF,1.0
73,1800,ABBOTT LABORATORIES,2013.0,FY,2013-12-31,20140221,20131231,42953000000.0,19247000000.0,3475000000.0,23706000000.0,17686000000.0,9507000000.0,8172000000.0,25267000000.0,25267000000.0,21979000000.0,0.0,-6844000000.0,0.0,0.0,42953000000.0,60,21848000000.0,10040000000.0,11808000000.0,9179000000.0,2629000000.0,2521000000.0,138000000.0,2383000000.0,193000000.0,2576000000.0,0.0,2576000000.0,60,3324000000.0,-6696000000.0,-3929000000.0,3324000000.0,-6696000000.0,-3929000000.0,0.0,0.0,0.0,-26000000.0,-7327000000.0,60,2834.0,IL,US,1-LAF,1.0
74,1800,ABBOTT LABORATORIES,2014.0,Q1,2014-03-31,20140507,20140331,41662000000.0,17931000000.0,2060000000.0,23731000000.0,18173000000.0,10186000000.0,7986000000.0,23489000000.0,23489000000.0,22005000000.0,0.0,-8713000000.0,0.0,0.0,41662000000.0,60,5244000000.0,2470000000.0,2774000000.0,2323000000.0,451000000.0,423000000.0,84000000.0,339000000.0,36000000.0,375000000.0,0.0,375000000.0,60,336000000.0,-1152000000.0,-595000000.0,336000000.0,-1152000000.0,-595000000.0,0.0,0.0,0.0,-4000000.0,-1415000000.0,60,2834.0,IL,US,1-LAF,1.0
75,1800,ABBOTT LABORATORIES,2014.0,Q2,2014-06-30,20140805,20140630,41475000000.0,18258000000.0,3570000000.0,23217000000.0,17771000000.0,9853000000.0,7917000000.0,23704000000.0,23704000000.0,22137000000.0,0.0,-8709000000.0,0.0,0.0,41475000000.0,60,10795000000.0,4976000000.0,5819000000.0,4607000000.0,1212000000.0,1160000000.0,361000000.0,799000000.0,42000000.0,841000000.0,0.0,841000000.0,60,1236000000.0,-1771000000.0,633000000.0,1236000000.0,-1771000000.0,633000000.0,0.0,0.0,0.0,-3000000.0,95000000.0,60,2834.0,IL,US,1-LAF,1.0
76,1800,ABBOTT LABORATORIES,2014.0,Q3,2014-09-30,20141106,20140930,42514000000.0,16464000000.0,3613000000.0,26050000000.0,19521000000.0,10823000000.0,8602000000.0,22993000000.0,22993000000.0,22335000000.0,0.0,-8679000000.0,0.0,0.0,42514000000.0,60,14957000000.0,6918000000.0,8039000000.0,6267000000.0,1772000000.0,1716000000.0,627000000.0,1089000000.0,291000000.0,1380000000.0,0.0,1380000000.0,60,2437000000.0,-2042000000.0,-192000000.0,2437000000.0,-2042000000.0,-192000000.0,0.0,0.0,0.0,-65000000.0,138000000.0,60,2834.0,IL,US,1-LAF,1.0
77,1800,ABBOTT LABORATORIES,2014.0,FY,2014-12-31,20150227,20141231,41275000000.0,15261000000.0,4063000000.0,26014000000.0,19636000000.0,10532000000.0,8996000000.0,21639000000.0,21639000000.0,22874000000.0,0.0,-8678000000.0,0.0,0.0,41275000000.0,60,20247000000.0,9218000000.0,11029000000.0,8430000000.0,2599000000.0,2518000000.0,797000000.0,1721000000.0,563000000.0,2284000000.0,0.0,2284000000.0,60,3675000000.0,-2742000000.0,-202000000.0,3675000000.0,-2742000000.0,-202000000.0,0.0,0.0,0.0,-143000000.0,588000000.0,60,2834.0,IL,US,1-LAF,1.0
78,1800,ABBOTT LABORATORIES,2015.0,Q1,2015-03-31,20150506,20150331,43095000000.0,19985000000.0,3226000000.0,23110000000.0,21107000000.0,9206000000.0,11901000000.0,21988000000.0,21988000000.0,24740000000.0,0.0,-9721000000.0,0.0,0.0,43095000000.0,60,4897000000.0,2081000000.0,2816000000.0,2206000000.0,610000000.0,653000000.0,-124000000.0,777000000.0,1763000000.0,2292000000.0,0.0,2292000000.0,60,2000000.0,-550000000.0,-205000000.0,2000000.0,-550000000.0,-205000000.0,0.0,0.0,0.0,-84000000.0,-837000000.0,60,2834.0,IL,US,1-LAF,1.0
79,1800,ABBOTT LABORATORIES,2015.0,Q2,2015-06-30,20150804,20150630,44125000000.0,21131000000.0,4048000000.0,22994000000.0,20999000000.0,9185000000.0,11814000000.0,23126000000.0,23126000000.0,25162000000.0,0.0,-9716000000.0,0.0,0.0,44125000000.0,60,10067000000.0,4299000000.0,5768000000.0,4429000000.0,1339000000.0,1639000000.0,-324000000.0,1963000000.0,1761000000.0,3076000000.0,0.0,3076000000.0,60,943000000.0,-924000000.0,37000000.0,943000000.0,-924000000.0,37000000.0,0.0,0.0,0.0,-71000000.0,-15000000.0,60,2834.0,IL,US,1-LAF,1.0
80,1800,ABBOTT LABORATORIES,2015.0,Q3,2015-09-30,20151105,20150930,41725000000.0,15894000000.0,3132000000.0,25831000000.0,20506000000.0,8755000000.0,11751000000.0,21219000000.0,21219000000.0,25375000000.0,0.0,-9694000000.0,0.0,0.0,41725000000.0,60,15217000000.0,6541000000.0,8676000000.0,6624000000.0,2052000000.0,2353000000.0,-442000000.0,2795000000.0,1745000000.0,3656000000.0,0.0,3656000000.0,60,2138000000.0,-1739000000.0,-1160000000.0,2138000000.0,-1739000000.0,-1160000000.0,0.0,0.0,0.0,-170000000.0,-931000000.0,60,2834.0,IL,US,1-LAF,1.0
81,1800,ABBOTT LABORATORIES,2015.0,FY,2015-12-31,20160219,20151231,41247000000.0,14155000000.0,5001000000.0,27092000000.0,19921000000.0,9186000000.0,10735000000.0,21326000000.0,21326000000.0,25757000000.0,0.0,-10622000000.0,0.0,0.0,41247000000.0,60,20405000000.0,8747000000.0,11658000000.0,8791000000.0,2867000000.0,3183000000.0,-577000000.0,3760000000.0,1817000000.0,4423000000.0,0.0,4423000000.0,60,2966000000.0,-2236000000.0,406000000.0,2966000000.0,-2236000000.0,406000000.0,0.0,0.0,0.0,-198000000.0,938000000.0,60,2834.0,IL,US,1-LAF,1.0
82,1800,ABBOTT LABORATORIES,2016.0,Q1,2016-03-31,20160504,20160331,39637000000.0,12406000000.0,3334000000.0,27231000000.0,18795000000.0,8393000000.0,10402000000.0,20842000000.0,20842000000.0,25654000000.0,0.0,-10825000000.0,0.0,0.0,39637000000.0,60,4885000000.0,2140000000.0,2745000000.0,2221000000.0,524000000.0,2000000.0,54000000.0,-52000000.0,260000000.0,316000000.0,0.0,316000000.0,60,-93000000.0,-1432000000.0,226000000.0,-93000000.0,-1432000000.0,226000000.0,0.0,0.0,0.0,-368000000.0,-1667000000.0,60,2834.0,IL,US,1-LAF,1.0
83,1800,ABBOTT LABORATORIES,2016.0,Q2,2016-06-30,20160803,20160630,39831000000.0,12988000000.0,2578000000.0,26843000000.0,19036000000.0,8673000000.0,10363000000.0,20795000000.0,20795000000.0,25884000000.0,0.0,-10821000000.0,0.0,0.0,39831000000.0,60,10218000000.0,4427000000.0,5791000000.0,4451000000.0,1340000000.0,717000000.0,-62000000.0,779000000.0,276000000.0,931000000.0,0.0,931000000.0,60,816000000.0,-1611000000.0,-1244000000.0,816000000.0,-1611000000.0,-1244000000.0,0.0,0.0,0.0,-384000000.0,-2423000000.0,60,2834.0,IL,US,1-LAF,1.0
84,1800,ABBOTT LABORATORIES,2016.0,Q3,2016-09-30,20161103,20160930,39497000000.0,12978000000.0,2500000000.0,26519000000.0,18601000000.0,8321000000.0,10220000000.0,20896000000.0,20896000000.0,25162000000.0,0.0,-10792000000.0,0.0,0.0,39497000000.0,60,15520000000.0,6712000000.0,8808000000.0,6571000000.0,2237000000.0,538000000.0,240000000.0,298000000.0,304000000.0,602000000.0,0.0,602000000.0,60,2033000000.0,-2357000000.0,-1798000000.0,2033000000.0,-2357000000.0,-1798000000.0,0.0,0.0,0.0,-379000000.0,-2501000000.0,60,2834.0,IL,US,1-LAF,1.0
85,1800,ABBOTT LABORATORIES,2016.0,FY,2016-12-31,20170217,20161231,52666000000.0,26776000000.0,18620000000.0,25890000000.0,31949000000.0,6660000000.0,25230000000.0,20717000000.0,20717000000.0,25565000000.0,0.0,0.0,0.0,0.0,52666000000.0,60,20853000000.0,9024000000.0,11829000000.0,8644000000.0,3185000000.0,1413000000.0,350000000.0,1063000000.0,337000000.0,1400000000.0,0.0,1400000000.0,60,3203000000.0,11147000000.0,-248000000.0,3203000000.0,11147000000.0,-248000000.0,0.0,0.0,0.0,-483000000.0,13619000000.0,60,2834.0,IL,US,1-LAF,1.0
86,1800,ABBOTT LABORATORIES,2017.0,Q1,2017-03-31,20170503,20170331,70887000000.0,19329000000.0,8706000000.0,51558000000.0,39340000000.0,6646000000.0,23764000000.0,31547000000.0,31547000000.0,25387000000.0,0.0,0.0,0.0,0.0,70887000000.0,60,6335000000.0,3044000000.0,3291000000.0,3493000000.0,-202000000.0,736000000.0,350000000.0,386000000.0,33000000.0,419000000.0,0.0,419000000.0,60,574000000.0,-4399000000.0,-6154000000.0,574000000.0,-4399000000.0,-6154000000.0,0.0,0.0,0.0,65000000.0,-9914000000.0,60,2834.0,IL,US,1-LAF,1.0
87,1800,ABBOTT LABORATORIES,2017.0,Q2,2017-06-30,20170802,20170630,71151000000.0,19983000000.0,9675000000.0,51168000000.0,39363000000.0,6803000000.0,23810000000.0,31788000000.0,31788000000.0,25202000000.0,0.0,0.0,0.0,0.0,71151000000.0,60,12972000000.0,6217000000.0,6755000000.0,6530000000.0,225000000.0,1031000000.0,375000000.0,656000000.0,46000000.0,702000000.0,0.0,702000000.0,60,1925000000.0,-4783000000.0,-6160000000.0,1925000000.0,-4783000000.0,-6160000000.0,0.0,0.0,0.0,73000000.0,-8945000000.0,60,2834.0,IL,US,1-LAF,1.0
88,1800,ABBOTT LABORATORIES,2017.0,Q3,2017-09-30,20171102,20170930,72248000000.0,21377000000.0,11012000000.0,50871000000.0,40030000000.0,7935000000.0,23310000000.0,32218000000.0,32218000000.0,25320000000.0,0.0,0.0,0.0,0.0,72248000000.0,60,19801000000.0,9074000000.0,10727000000.0,9692000000.0,1035000000.0,1657000000.0,440000000.0,1217000000.0,88000000.0,1305000000.0,0.0,1305000000.0,60,3930000000.0,-5169000000.0,-6466000000.0,3930000000.0,-5169000000.0,-6466000000.0,0.0,0.0,0.0,97000000.0,-7608000000.0,60,,,,,
89,1800,ABBOTT LABORATORIES,2017.0,FY,2017-12-31,20180216,20171231,76250000000.0,20147000000.0,9407000000.0,56103000000.0,45152000000.0,8912000000.0,36240000000.0,31098000000.0,31098000000.0,23978000000.0,0.0,0.0,0.0,0.0,76250000000.0,60,27390000000.0,12337000000.0,15053000000.0,13327000000.0,1726000000.0,2231000000.0,1878000000.0,353000000.0,124000000.0,477000000.0,0.0,477000000.0,60,5570000000.0,-5281000000.0,-9618000000.0,5570000000.0,-5281000000.0,-9618000000.0,0.0,0.0,0.0,116000000.0,-9213000000.0,60,2834.0,IL,US,1-LAF,1.0
90,1800,ABBOTT LABORATORIES,2018.0,Q1,2018-03-31,20180502,20180331,70908000000.0,14964000000.0,3857000000.0,55944000000.0,39307000000.0,9010000000.0,21154000000.0,31601000000.0,31601000000.0,23856000000.0,0.0,0.0,0.0,0.0,70908000000.0,60,7390000000.0,3067000000.0,4323000000.0,3715000000.0,608000000.0,431000000.0,22000000.0,409000000.0,0.0,409000000.0,-9000000.0,418000000.0,60,1108000000.0,-6455000000.0,-238000000.0,1108000000.0,-6455000000.0,-238000000.0,0.0,0.0,0.0,35000000.0,-5550000000.0,60,2834.0,IL,US,1-LAF,1.0
91,1800,ABBOTT LABORATORIES,2018.0,Q2,2018-06-30,20180801,20180630,68415000000.0,14122000000.0,3065000000.0,54293000000.0,37641000000.0,8951000000.0,19823000000.0,30774000000.0,30774000000.0,24080000000.0,0.0,0.0,0.0,0.0,68415000000.0,60,15157000000.0,6349000000.0,8808000000.0,7318000000.0,1490000000.0,1208000000.0,81000000.0,1127000000.0,24000000.0,1151000000.0,0.0,1151000000.0,60,2352000000.0,-8086000000.0,-537000000.0,2352000000.0,-8086000000.0,-537000000.0,0.0,0.0,0.0,-71000000.0,-6342000000.0,60,2834.0,IL,US,1-LAF,1.0
92,1800,ABBOTT LABORATORIES,2018.0,Q3,2018-09-30,20181031,20180930,71637000000.0,18196000000.0,7369000000.0,53441000000.0,40739000000.0,12776000000.0,19284000000.0,30898000000.0,30898000000.0,24144000000.0,0.0,0.0,0.0,0.0,71637000000.0,60,22813000000.0,9515000000.0,13298000000.0,10813000000.0,2485000000.0,1926000000.0,247000000.0,1679000000.0,35000000.0,1714000000.0,0.0,1714000000.0,60,4535000000.0,-5615000000.0,-860000000.0,4535000000.0,-5615000000.0,-860000000.0,0.0,0.0,0.0,-98000000.0,-2038000000.0,60,2834.0,IL,US,1-LAF,1.0
93,1800,ABBOTT LABORATORIES,2018.0,FY,2018-12-31,20190222,20181231,67173000000.0,14632000000.0,3844000000.0,52541000000.0,36451000000.0,9012000000.0,19359000000.0,30722000000.0,30722000000.0,24560000000.0,0.0,0.0,0.0,0.0,67173000000.0,60,30578000000.0,12706000000.0,17872000000.0,14222000000.0,3650000000.0,2873000000.0,539000000.0,2334000000.0,34000000.0,2368000000.0,0.0,2368000000.0,60,6300000000.0,-10391000000.0,-1356000000.0,6300000000.0,-10391000000.0,-1356000000.0,0.0,0.0,0.0,-116000000.0,-5563000000.0,60,2834.0,IL,US,1-LAF,1.0
94,1800,ABBOTT LABORATORIES,2019.0,Q1,2019-03-31,20190501,20190331,67610000000.0,14409000000.0,3022000000.0,53201000000.0,36481000000.0,9113000000.0,18845000000.0,31129000000.0,31129000000.0,24613000000.0,0.0,0.0,0.0,0.0,67610000000.0,60,7535000000.0,3160000000.0,4375000000.0,3636000000.0,739000000.0,632000000.0,-40000000.0,672000000.0,0.0,672000000.0,0.0,672000000.0,60,712000000.0,-1142000000.0,-396000000.0,712000000.0,-1142000000.0,-396000000.0,0.0,0.0,0.0,4000000.0,-822000000.0,60,2834.0,IL,US,1-LAF,1.0
95,1800,ABBOTT LABORATORIES,2019.0,Q2,2019-06-30,20190731,20190630,68427000000.0,15195000000.0,3137000000.0,53232000000.0,36533000000.0,9062000000.0,18982000000.0,31894000000.0,31894000000.0,25045000000.0,0.0,0.0,0.0,0.0,68427000000.0,60,15514000000.0,6439000000.0,9075000000.0,7130000000.0,1945000000.0,1734000000.0,56000000.0,1678000000.0,0.0,1678000000.0,0.0,1678000000.0,60,1772000000.0,-1591000000.0,-894000000.0,1772000000.0,-1591000000.0,-894000000.0,0.0,0.0,0.0,6000000.0,-707000000.0,60,2834.0,IL,US,1-LAF,1.0
96,1800,ABBOTT LABORATORIES,2019.0,Q3,2019-09-30,20191031,20190930,68539000000.0,16119000000.0,4091000000.0,52420000000.0,36520000000.0,10491000000.0,17639000000.0,32019000000.0,32019000000.0,25440000000.0,0.0,0.0,0.0,0.0,68539000000.0,60,23590000000.0,9797000000.0,13793000000.0,10650000000.0,3143000000.0,2837000000.0,199000000.0,2638000000.0,0.0,2638000000.0,0.0,2638000000.0,60,3720000000.0,-2104000000.0,-1326000000.0,3720000000.0,-2104000000.0,-1326000000.0,0.0,0.0,0.0,-43000000.0,247000000.0,60,2834.0,IL,US,1-LAF,1.0
97,1800,ABBOTT LABORATORIES,2019.0,FY,2019-12-31,20200221,20191231,67887000000.0,15667000000.0,3860000000.0,52220000000.0,36586000000.0,10863000000.0,16661000000.0,31301000000.0,31301000000.0,25847000000.0,0.0,0.0,0.0,0.0,67887000000.0,60,31904000000.0,13231000000.0,18673000000.0,14141000000.0,4532000000.0,4077000000.0,390000000.0,3687000000.0,0.0,3687000000.0,0.0,3687000000.0,60,6136000000.0,-4289000000.0,-1815000000.0,6136000000.0,-4289000000.0,-1815000000.0,0.0,0.0,0.0,-16000000.0,16000000.0,60,2834.0,IL,US,1-LAF,1.0
98,1800,ABBOTT LABORATORIES,2020.0,Q1,2020-03-31,20200429,20200331,66777000000.0,15498000000.0,3377000000.0,51279000000.0,36350000000.0,10808000000.0,16804000000.0,30427000000.0,30427000000.0,25786000000.0,0.0,0.0,0.0,0.0,66777000000.0,60,7726000000.0,3281000000.0,4445000000.0,3687000000.0,758000000.0,633000000.0,89000000.0,544000000.0,20000000.0,564000000.0,0.0,564000000.0,60,715000000.0,-735000000.0,-393000000.0,715000000.0,-735000000.0,-393000000.0,0.0,0.0,0.0,-70000000.0,-483000000.0,60,2834.0,IL,US,1-LAF,1.0
99,1800,ABBOTT LABORATORIES,2020.0,Q2,2020-06-30,20200729,20200630,68776000000.0,17221000000.0,4763000000.0,51555000000.0,37978000000.0,10959000000.0,18184000000.0,30798000000.0,30798000000.0,25669000000.0,0.0,0.0,0.0,0.0,68776000000.0,60,15054000000.0,6544000000.0,8510000000.0,7080000000.0,1430000000.0,1159000000.0,78000000.0,1081000000.0,20000000.0,1101000000.0,0.0,1101000000.0,60,2037000000.0,-77000000.0,-1012000000.0,2037000000.0,-77000000.0,-1012000000.0,0.0,0.0,0.0,-45000000.0,903000000.0,60,2834.0,IL,US,1-LAF,1.0
100,1800,ABBOTT LABORATORIES,2020.0,Q3,2020-09-30,20201104,20200930,69043000000.0,17390000000.0,4480000000.0,51653000000.0,37448000000.0,10257000000.0,18349000000.0,31595000000.0,31595000000.0,26266000000.0,0.0,0.0,0.0,0.0,69043000000.0,60,23907000000.0,10510000000.0,13397000000.0,10472000000.0,2925000000.0,2580000000.0,267000000.0,2313000000.0,20000000.0,2333000000.0,0.0,2333000000.0,60,4103000000.0,-1992000000.0,-1484000000.0,4103000000.0,-1992000000.0,-1484000000.0,0.0,0.0,0.0,-7000000.0,620000000.0,60,2834.0,IL,US,1-LAF,1.0
101,1800,ABBOTT LABORATORIES,2020.0,FY,2020-12-31,20210219,20201231,72548000000.0,20441000000.0,6838000000.0,52107000000.0,39545000000.0,11907000000.0,18527000000.0,33003000000.0,33003000000.0,27627000000.0,0.0,0.0,0.0,0.0,72548000000.0,60,34608000000.0,15003000000.0,19605000000.0,14248000000.0,5357000000.0,4968000000.0,497000000.0,4471000000.0,24000000.0,4495000000.0,0.0,4495000000.0,60,7901000000.0,-2779000000.0,-2215000000.0,7901000000.0,-2779000000.0,-2215000000.0,0.0,0.0,0.0,71000000.0,2978000000.0,60,2834.0,IL,US,1-LAF,1.0
102,1800,ABBOTT LABORATORIES,2021.0,Q1,2021-03-31,20210505,20210331,72785000000.0,21817000000.0,8054000000.0,50968000000.0,38997000000.0,12462000000.0,17489000000.0,33788000000.0,33788000000.0,28669000000.0,0.0,0.0,0.0,0.0,72785000000.0,60,10456000000.0,4401000000.0,6055000000.0,3946000000.0,2109000000.0,2043000000.0,250000000.0,1793000000.0,0.0,1793000000.0,0.0,1793000000.0,60,2637000000.0,-967000000.0,-422000000.0,2637000000.0,-967000000.0,-422000000.0,0.0,0.0,0.0,-32000000.0,1216000000.0,60,2834.0,IL,US,1-LAF,1.0
103,1800,ABBOTT LABORATORIES,2021.0,Q2,2021-06-30,20210804,20210630,73269000000.0,22627000000.0,8658000000.0,50642000000.0,39240000000.0,12614000000.0,17547000000.0,34029000000.0,34029000000.0,29053000000.0,0.0,0.0,0.0,0.0,73269000000.0,60,20679000000.0,9348000000.0,11331000000.0,7830000000.0,3501000000.0,3391000000.0,409000000.0,2982000000.0,0.0,2982000000.0,0.0,2982000000.0,60,4765000000.0,-2231000000.0,-686000000.0,4765000000.0,-2231000000.0,-686000000.0,0.0,0.0,0.0,-28000000.0,1820000000.0,60,2834.0,IL,US,1-LAF,1.0
104,1800,ABBOTT LABORATORIES,2021.0,Q3,2021-09-30,20211103,20210930,73795000000.0,23492000000.0,9302000000.0,50303000000.0,39157000000.0,12867000000.0,17446000000.0,34638000000.0,34638000000.0,30376000000.0,0.0,0.0,0.0,0.0,73795000000.0,60,31607000000.0,13771000000.0,17836000000.0,11789000000.0,6047000000.0,5884000000.0,802000000.0,5082000000.0,0.0,5082000000.0,0.0,5082000000.0,60,7466000000.0,-3608000000.0,-1337000000.0,7466000000.0,-3608000000.0,-1337000000.0,0.0,0.0,0.0,-57000000.0,2464000000.0,60,2834.0,IL,US,1-LAF,1.0
105,1800,ABBOTT LABORATORIES,2021.0,FY,2021-12-31,20220218,20211231,75196000000.0,24239000000.0,9799000000.0,50957000000.0,39172000000.0,13105000000.0,17296000000.0,36024000000.0,36024000000.0,31528000000.0,0.0,0.0,0.0,0.0,75196000000.0,60,43075000000.0,18537000000.0,24538000000.0,16113000000.0,8425000000.0,8211000000.0,1140000000.0,7071000000.0,0.0,7071000000.0,0.0,7071000000.0,60,10533000000.0,-5494000000.0,-2008000000.0,10533000000.0,-5494000000.0,-2008000000.0,0.0,0.0,0.0,-70000000.0,2961000000.0,60,,,,,
106,1800,ABBOTT LABORATORIES,2022.0,Q1,2022-03-31,20220503,20220331,74007000000.0,23429000000.0,7675000000.0,50578000000.0,38378000000.0,12647000000.0,17086000000.0,35629000000.0,35629000000.0,33295000000.0,0.0,0.0,0.0,0.0,74007000000.0,60,11895000000.0,4987000000.0,6908000000.0,3996000000.0,2912000000.0,2876000000.0,429000000.0,2447000000.0,0.0,2447000000.0,0.0,2447000000.0,60,2065000000.0,-3823000000.0,-360000000.0,2065000000.0,-3823000000.0,-360000000.0,0.0,0.0,0.0,-6000000.0,-2124000000.0,60,2834.0,IL,US,1-LAF,1.0
107,1800,ABBOTT LABORATORIES,2022.0,Q2,2022-06-30,20220802,20220630,74202000000.0,24956000000.0,8937000000.0,49246000000.0,37486000000.0,12392000000.0,16755000000.0,36716000000.0,36716000000.0,34487000000.0,0.0,0.0,0.0,0.0,74202000000.0,60,23152000000.0,9920000000.0,13232000000.0,7944000000.0,5288000000.0,5228000000.0,763000000.0,4465000000.0,0.0,4465000000.0,0.0,4465000000.0,60,4475000000.0,-4636000000.0,-624000000.0,4475000000.0,-4636000000.0,-624000000.0,0.0,0.0,0.0,-77000000.0,-862000000.0,60,2834.0,IL,US,1-LAF,1.0
108,1800,ABBOTT LABORATORIES,2022.0,Q3,2022-09-30,20221101,20220930,72801000000.0,24845000000.0,9594000000.0,47956000000.0,36917000000.0,13365000000.0,15297000000.0,35884000000.0,35884000000.0,35115000000.0,0.0,0.0,0.0,0.0,72801000000.0,60,33562000000.0,14549000000.0,19013000000.0,11955000000.0,7058000000.0,6986000000.0,1086000000.0,5900000000.0,0.0,5900000000.0,0.0,5900000000.0,60,7255000000.0,-6179000000.0,-1108000000.0,7255000000.0,-6179000000.0,-1108000000.0,0.0,0.0,0.0,-173000000.0,-205000000.0,60,2834.0,IL,US,1-LAF,1.0
109,1800,ABBOTT LABORATORIES,2022.0,FY,2022-12-31,20230217,20221231,74438000000.0,25224000000.0,9882000000.0,49214000000.0,37533000000.0,15489000000.0,14522000000.0,36905000000.0,36905000000.0,35257000000.0,0.0,0.0,0.0,0.0,74438000000.0,60,43653000000.0,19142000000.0,24511000000.0,16149000000.0,8362000000.0,8306000000.0,1373000000.0,6933000000.0,0.0,6933000000.0,0.0,6933000000.0,60,9581000000.0,-7636000000.0,-1740000000.0,9581000000.0,-7636000000.0,-1740000000.0,0.0,0.0,0.0,-122000000.0,83000000.0,60,2834.0,IL,US,1-LAF,1.0
110,1800,ABBOTT LABORATORIES,2023.0,Q1,2023-03-31,20230504,20230331,73794000000.0,24377000000.0,9161000000.0,49417000000.0,36562000000.0,14530000000.0,14615000000.0,37232000000.0,37232000000.0,35868000000.0,0.0,0.0,0.0,0.0,73794000000.0,60,9747000000.0,4331000000.0,5416000000.0,3907000000.0,1509000000.0,1562000000.0,244000000.0,1318000000.0,0.0,1318000000.0,0.0,1318000000.0,60,1143000000.0,-1410000000.0,-462000000.0,1143000000.0,-1410000000.0,-462000000.0,0.0,0.0,0.0,8000000.0,-721000000.0,60,2834.0,IL,US,1-LAF,1.0
111,1800,ABBOTT LABORATORIES,2023.0,Q2,2023-06-30,20230803,20230630,73354000000.0,23505000000.0,7835000000.0,49849000000.0,35950000000.0,14350000000.0,14562000000.0,37404000000.0,37404000000.0,36355000000.0,0.0,0.0,0.0,0.0,73354000000.0,60,19725000000.0,8814000000.0,10911000000.0,7860000000.0,3051000000.0,3198000000.0,505000000.0,2693000000.0,0.0,2693000000.0,0.0,2693000000.0,60,2346000000.0,-2699000000.0,-1675000000.0,2346000000.0,-2699000000.0,-1675000000.0,0.0,0.0,0.0,-19000000.0,-2047000000.0,60,2834.0,IL,US,1-LAF,1.0
112,1800,ABBOTT LABORATORIES,2023.0,Q3,2023-09-30,20231101,20230930,72090000000.0,22664000000.0,6709000000.0,49426000000.0,34396000000.0,13042000000.0,14477000000.0,37694000000.0,37694000000.0,36920000000.0,0.0,0.0,0.0,0.0,72090000000.0,60,29868000000.0,13419000000.0,16449000000.0,11751000000.0,4698000000.0,4869000000.0,740000000.0,4129000000.0,0.0,4129000000.0,0.0,4129000000.0,60,4223000000.0,-5039000000.0,-2309000000.0,4223000000.0,-5039000000.0,-2309000000.0,0.0,0.0,0.0,-48000000.0,-3173000000.0,60,,,,,
113,1800,ABBOTT LABORATORIES,2023.0,FY,2023-12-31,20240216,20231231,73214000000.0,22670000000.0,6896000000.0,50544000000.0,34387000000.0,13841000000.0,13599000000.0,38827000000.0,38827000000.0,37554000000.0,0.0,0.0,0.0,0.0,73214000000.0,60,40109000000.0,17975000000.0,22134000000.0,15656000000.0,6478000000.0,6664000000.0,941000000.0,5723000000.0,0.0,5723000000.0,0.0,5723000000.0,60,7261000000.0,-7091000000.0,-3133000000.0,7261000000.0,-7091000000.0,-3133000000.0,0.0,0.0,0.0,-23000000.0,-2986000000.0,60,,,,,
114,1800,ABBOTT LABORATORIES,2024.0,Q1,2024-03-31,20240502,20240331,72467000000.0,22376000000.0,6284000000.0,50091000000.0,33424000000.0,14021000000.0,12576000000.0,39043000000.0,39043000000.0,38011000000.0,0.0,0.0,0.0,0.0,72467000000.0,60,9964000000.0,4463000000.0,5501000000.0,4115000000.0,1386000000.0,1436000000.0,211000000.0,1225000000.0,0.0,1225000000.0,0.0,1225000000.0,60,1025000000.0,-1176000000.0,-425000000.0,1025000000.0,-1176000000.0,-425000000.0,0.0,0.0,0.0,-36000000.0,-612000000.0,60,2834.0,IL,US,1-LAF,1.0
